%% This BibTeX bibliography file was created using BibDesk.
%% https://bibdesk.sourceforge.io/

%% Created for Roy Stracovsky at 2023-10-14 18:01:33 -0400 


%% Saved with string encoding Unicode (UTF-8) 



@inproceedings{ALGCPLX:KnuYao76,
	author = {Donald Ervin Knuth and Andrew Chi-Chih Yao},
	booktitle = {Algorithms and Complexity: New Directions and Recent Results},
	date-added = {2023-10-14 17:51:02 -0400},
	date-modified = {2023-10-14 18:01:07 -0400},
	editor = {Joseph Frederick Traub},
	pages = {357--428},
	publisher = {Academic Press},
	title = {The Complexity of Non-Uniform Random Number Generation},
	year = {1976}}
